@article{Green_Armytage_2010_color,
  title={A colour alphabet and the limits of colour coding},
  author={Green-Armytage, Paul},
  journal={JAIC-Journal of the International Colour Association},
  volume={5},
  year={2010}
}

@article{Carter_1982_High,
  title={High-contrast sets of colors},
  author={Carter, Robert C and Carter, Ellen C},
  journal={Applied Optics},
  volume={21},
  number={16},
  pages={2936--2939},
  year={1982},
  publisher={Optica Publishing Group}
}